<?xml version="1.0" encoding="UTF-8"?><collection xmlns="http://www.loc.gov/MARC21/slim"><record><leader>00443nam--2200133-i-4500</leader><controlfield tag="001">000010728</controlfield><controlfield tag="002">20161230</controlfield><controlfield tag="005">20161230201028</controlfield><controlfield tag="008">060222s1000------------r-----000-0-eng-d</controlfield><datafield ind1=" " ind2=" " tag="080"><subfield code="a">015:615.8:543.$@-</subfield></datafield><datafield ind1=" " ind2=" " tag="100"><subfield code="a">Banga-bingui, Antoine Prosper</subfield></datafield><datafield ind1=" " ind2=" " tag="245"><subfield code="a">Appllication des techniques d`immuno-fluores cence au diagnostic des biharzioses-amibiases en republique centrafricane. these</subfield></datafield><datafield ind1=" " ind2=" " tag="260"><subfield code="a">Tours, Univ.De Tours, 1972. 102 P</subfield></datafield><datafield ind1=" " ind2=" " tag="852"><subfield code="a">39010</subfield></datafield></record></collection>